@article{Boeing2017,
  doi = {10.21105/joss.00215},
  url = {https://doi.org/10.21105/joss.00215},
  year = {2017},
  publisher = {The Open Journal},
  volume = {2},
  number = {12},
  pages = {215},
  author = {Geoff Boeing},
  title = {OSMnx: A Python package to work with graph-theoretic OpenStreetMap street networks},
  journal = {Journal of Open Source Software}
}
@ARTICLE{free-lunch,
  author={Wolpert, D.H. and Macready, W.G.},
  journal={IEEE Transactions on Evolutionary Computation}, 
  title={No free lunch theorems for optimization}, 
  year={1997},
  volume={1},
  number={1},
  pages={67-82},
  doi={10.1109/4235.585893}}

@article{pmapper,
author = {Travinin, Nadya and Hoffmann, Henry and Bond, Robert and Chan, Hector and Kepner, Jeremy and Wong, Edmund},
year = {2005},
month = {10},
pages = {1 - 2},
title = {Automatic Parallelization with pMapper},
doi = {10.1109/CLUSTR.2005.347017}
}

@ARTICLE {moore-law,
author = {L. Eeckhout},
journal = {IEEE Micro},
title = {Is Moore's Law Slowing Down? What's Next?},
year = {2017},
volume = {37},
number = {04},
issn = {1937-4143},
pages = {4-5},
keywords = {},
doi = {10.1109/MM.2017.3211123},
publisher = {IEEE Computer Society},
address = {Los Alamitos, CA, USA},
month = {7}
}

@article{optimalSSSP,
  title={Undirected single-source shortest paths with positive integer weights in linear time},
  author={M. Thorup},
  journal={J. ACM},
  year={1999},
  volume={46},
  pages={362-394}
}
@phdthesis{cannon,
author = {Cannon, Lynn Elliot},
title = {A Cellular Computer to Implement the Kalman Filter Algorithm},
year = {1969},
publisher = {Montana State University},
address = {USA},
note = {AAI7010025}
}
